<?xml version="1.0"?>
<record xmlns="http://www.loc.gov/MARC21/slim">
  <leader>01731cas a2200433   4500</leader>
  <controlfield tag="001">reportwesterncom00west_1</controlfield>
  <controlfield tag="003">CaSfIA</controlfield>
  <controlfield tag="005">20151008010651.0</controlfield>
  <controlfield tag="007">cr||||||||||||</controlfield>
  <controlfield tag="008">830210c19759999bcca               0eng c</controlfield>
  <datafield tag="035" ind1=" " ind2=" ">
    <subfield code="a">ocm43739728</subfield>
  </datafield>
  <datafield tag="039" ind1="0" ind2=" ">
    <subfield code="f">dsz</subfield>
  </datafield>
  <datafield tag="040" ind1=" " ind2=" ">
    <subfield code="b">eng</subfield>
    <subfield code="d">CaSfIA</subfield>
  </datafield>
  <datafield tag="049" ind1=" " ind2=" ">
    <subfield code="a">AEU</subfield>
    <subfield code="b">eng</subfield>
  </datafield>
  <datafield tag="050" ind1=" " ind2="4">
    <subfield code="a">SB 827 P89</subfield>
    <subfield code="b">W52</subfield>
  </datafield>
  <datafield tag="090" ind1="0" ind2=" ">
    <subfield code="a">SB 827 P89 W52</subfield>
    <subfield code="b">AEU</subfield>
  </datafield>
  <datafield tag="110" ind1="2" ind2="0">
    <subfield code="a">Western Committee on Crop Pests.</subfield>
  </datafield>
  <datafield tag="245" ind1="0" ind2="0">
    <subfield code="a">Report /</subfield>
    <subfield code="h">[electronic resource] </subfield>
    <subfield code="c">Western Committee on Crop Pests.</subfield>
  </datafield>
  <datafield tag="246" ind1="1" ind2="4">
    <subfield code="a">WCCP</subfield>
  </datafield>
  <datafield tag="260" ind1="0" ind2="1">
    <subfield code="a">Vancouver, B.C. :</subfield>
    <subfield code="b">Agriculture Canada Research Station,</subfield>
    <subfield code="c">1975-</subfield>
  </datafield>
  <datafield tag="300" ind1=" " ind2=" ">
    <subfield code="a">v. ;</subfield>
    <subfield code="c">29 cm.</subfield>
  </datafield>
  <datafield tag="362" ind1="0" ind2="0">
    <subfield code="a">1975-    .</subfield>
  </datafield>
  <datafield tag="515" ind1=" " ind2=" ">
    <subfield code="a">Each issue supercedes previous reports.</subfield>
  </datafield>
  <datafield tag="550" ind1="0" ind2=" ">
    <subfield code="a">Imprint varies.</subfield>
  </datafield>
  <datafield tag="596" ind1=" " ind2=" ">
    <subfield code="a">38 48</subfield>
  </datafield>
  <datafield tag="650" ind1=" " ind2="0">
    <subfield code="a">Insecticides</subfield>
    <subfield code="z">Prairie Provinces</subfield>
    <subfield code="x">Periodicals.</subfield>
  </datafield>
  <datafield tag="650" ind1=" " ind2="0">
    <subfield code="a">Agricultural pests</subfield>
    <subfield code="z">Prairie Provinces</subfield>
    <subfield code="x">Periodicals.</subfield>
  </datafield>
  <datafield tag="650" ind1=" " ind2="0">
    <subfield code="a">Pests</subfield>
    <subfield code="x">Control</subfield>
    <subfield code="z">Prairie Provinces</subfield>
    <subfield code="x">Periodicals.</subfield>
  </datafield>
  <datafield tag="650" ind1=" " ind2="0">
    <subfield code="a">Insecticides</subfield>
    <subfield code="z">British Columbia</subfield>
    <subfield code="x">Periodicals.</subfield>
  </datafield>
  <datafield tag="650" ind1=" " ind2="0">
    <subfield code="a">Agricultural pests</subfield>
    <subfield code="z">British Columbia</subfield>
    <subfield code="x">Periodicals.</subfield>
  </datafield>
  <datafield tag="650" ind1=" " ind2="0">
    <subfield code="a">Pests</subfield>
    <subfield code="x">Control</subfield>
    <subfield code="z">British Columbia</subfield>
    <subfield code="x">Periodicals.</subfield>
  </datafield>
  <datafield tag="780" ind1="0" ind2="0">
    <subfield code="a">Western Committee on Crop Pesticides.</subfield>
    <subfield code="t">Report of the Western Committee on Crop Pesticides.</subfield>
  </datafield>
  <datafield tag="856" ind1="4" ind2="1">
    <subfield code="u">http://archive.org/details/reportwesterncom00west_1</subfield>
    <subfield code="z">Free eBook from the Internet Archive</subfield>
  </datafield>
</record>
